<?xml version="1.0" encoding="UTF-8"?><record xmlns="http://www.loc.gov/MARC21/slim" xmlns:cinclude="http://apache.org/cocoon/include/1.0" xmlns:zs="http://www.loc.gov/zing/srw/">
  <leader>00427nz  a2200121n  4500</leader>
  <controlfield tag="001">n 2002081351</controlfield>
  <controlfield tag="003">DLC</controlfield>
  <controlfield tag="005">20021203153741.0</controlfield>
  <controlfield tag="008">021203n| acannaabn          |n aaa      </controlfield>
  <datafield tag="010" ind1=" " ind2=" ">
    <subfield code="a">n 2002081351</subfield>
  </datafield>
  <datafield tag="040" ind1=" " ind2=" ">
    <subfield code="a">DLC</subfield>
    <subfield code="b">eng</subfield>
    <subfield code="c">DLC</subfield>
  </datafield>
  <datafield tag="100" ind1="1" ind2=" ">
    <subfield code="a">Cheever, James</subfield>
  </datafield>
  <datafield tag="670" ind1=" " ind2=" ">
    <subfield code="a">NUCMC data from Nantucket Historical Association for America (Ship : 1795-1815). Log/journal, 1813-1814</subfield>
    <subfield code="b">(Commander James Cheever; of privateer out of Boston, Mass., area)</subfield>
  </datafield>
</record>